@book{scholkopf_learning_2001,
	title = {Learning with {Kernels}: {Support} {Vector} {Machines}, {Regularization}, {Optimization}, and {Beyond}},
	shorttitle = {Learning with {Kernels}},
	publisher = {MIT Press},
	author = {Sch{\"o}lkopf, Bernhard and Smola, Alexander J.},
	year = {2002}
}

@inproceedings{smola_hilbert_2007,
	title = {A {H}ilbert Space Embedding for Distributions},
	booktitle = {ALT},
	author = {Smola, Alex and Gretton, Arthur and Song, Le and Sch{\"o}lkopf, Bernhard},
	year = {2007}
}

@article{gretton_kernel_2012,
	title = {A Kernel Two-Sample Test},
	volume = {13},
	journal = {JMLR},
	author = {Gretton, Arthur and Borgwardt, Karsten M. and Rasch, Malte J. and Sch{\"o}lkopf, Bernhard and Smola, Alexander},
	date = {2012-03},
	year = {2012}
}

@inproceedings{gretton_measuring_2005,
	title = {Measuring Statistical Dependence with {H}ilbert-{S}chmidt Norms},
	booktitle = {ALT},
	author = {Gretton, Arthur and Bousquet, Olivier and Smola, Alex and Sch{\"o}lkopf, Bernhard},
	year = {2005}
}

@inproceedings{burges_simplified_1996,
  author    = {Christopher J. C. Burges},
  title     = {Simplified Support Vector Decision Rules},
  booktitle = {ICML},
  year      = {1996}
}

@article{scholkopf_computing_2015,
	title = {Computing Functions of Random Variables via {R}eproducing {K}ernel {H}ilbert {S}pace Representations},
	volume = {25},
	journal = {Statistics and Computing},
	author = {Sch{\"o}lkopf, Bernhard and Muandet, Krikamol and Fukumizu, Kenji and Harmeling, Stefan and Peters, Jonas},
	year = {2015}
}

@inproceedings{chen_herding_2010,
	title = {Super-samples from Kernel Herding},
	booktitle = {UAI},
	author = {Chen, Yutian and Welling, Max and Smola, Alex},
	year = {2010}
}

@article{muandet_kernel_2016,
	title = {Kernel Mean Shrinkage Estimators},
	volume = {17},
	journal = {JMLR},
	author = {Muandet, Krikamol and Sriperumbudur, Bharath and Fukumizu, Kenji and Gretton, Arthur and Sch{\"o}lkopf, Bernhard},
	year = {2016}
}

@book{rasmussen_gaussian_2005,
	title = {Gaussian Processes for Machine Learning},
	publisher = {The {MIT} Press},
	author = {Rasmussen, Carl Edward and Williams, Christopher K. I.},
	year = {2005}
}

@inproceedings{LopMuaSchTol15,
  author={Lopez-Paz, David and Muandet, Krikamol and Sch{\"o}lkopf, Bernhard and Tolstikhin, Ilya},
  booktitle = {ICML},
  title = {Towards a Learning Theory of Cause-Effect Inference},
  year = {2015}
}

@inproceedings{FukGreSunSch08,
  author = {K. Fukumizu and A. Gretton and X. Sun and B. Sch{\"o}lkopf},
  title = {Kernel Measures of Conditional Dependence},
  booktitle = {NIPS},
  year = {2008}
}

@article{sriperumbudur_universality_2011,
	title = {Universality, Characteristic Kernels and {RKHS} Embedding of Measures},
	journal = {JMLR},
	author = {Sriperumbudur, Bharath K. and Fukumizu, Kenji and Lanckriet, Gert R. G.},
	year = {2011}
}

@inproceedings{dwork_calibrating_2006,
	title = {Calibrating Noise to Sensitivity in Private Data Analysis},
	booktitle = {3rd Conference on Theory of Cryptography (TCC)},
	author = {Dwork, Cynthia and {McSherry}, Frank and Nissim, Kobbi and Smith, Adam},
	year = {2006}
}

@inproceedings{dwork_differential_2006,
	title = {Differential Privacy},
	booktitle = {33rd International Conference on Automata, Languages and Programming (ICALP)},
	author = {Dwork, Cynthia},
	year = {2006}
}

@article{dwork_algorithmic_2014,
	title = {The {Algorithmic} {Foundations} of {Differential} {Privacy}},
	volume = {9},
	journal = {Foundations and Trends in Theoretical Computer Science},
	author = {Dwork, Cynthia and Roth, Aaron},
	year = {2014}
}

@inproceedings{mcsherry_mechanism_2007,
	title = {Mechanism Design via Differential Privacy},
	booktitle = {48th Annual {IEEE} Symposium on Foundations of Computer Science (FOCS)},
	author = {{McSherry}, Frank and Talwar, Kunal},
	year = {2007}
}

@inproceedings{rahimi_random_2007,
	title = {Random Features for Large Scale Kernel Machines},
	author = {Rahimi, Ali and Recht, Benjamin},
	year = {2007},
	booktitle = {NIPS},
}

@inproceedings{rahimi_uniform_2008,
	title = {Uniform approximation of functions with random bases},
	booktitle = {46th Annual Allerton Conference on Communication, Control, and Computing},
	author = {Rahimi, A. and Recht, B.},
	year = {2008}
}

@inproceedings{kar_dot_2012,
    title = {Random Feature Maps for Dot Product Kernels},
    author = {Purushottam Kar and Harish Karnick},
    year = {2012},
    booktitle = {AISTATS}
}

@inproceedings{scibior_consistent_2016,
	title = {Consistent {Kernel} {Mean} {Estimation} for {Functions} of {Random} {Variables}},
	booktitle = {NIPS},
	author = {Simon-Gabriel, Carl-Johann and {\'S}cibior, Adam and Tolstikhin, Ilya and Sch{\"o}lkopf, Bernhard},
	year = {2016}
}

@article{hall_differential_2013,
	title = {Differential {Privacy} for {Functions} and {Functional} {Data}},
	volume = {14},
	journal = {JMLR},
	author = {Hall, Rob and Rinaldo, Alessandro and Wasserman, Larry},
	year = {2013}
}

@inproceedings{machanavajjhala2008privacy,
  title={Privacy: Theory meets practice on the map},
  author={Machanavajjhala, Ashwin and Kifer, Daniel and Abowd, John and Gehrke, Johannes and Vilhuber, Lars},
  booktitle={IEEE 24th International Conference on Data Engineering},
  year={2008}
}

@article{wasserman_statistical_2008,
	title = {A Statistical Framework for Differential Privacy},
	journal = {Journal of the American Statistical Association},
	volume = {105},
	author = {Wasserman, Larry and Zhou, Shuheng},
	year = {2010}
}

@inproceedings{alda_bernstein_2017,
	title = {The {B}ernstein Mechanism: Function Release under Differential Privacy},
	booktitle = {AAAI},
	author = {Ald\`{a}, Francesco and Rubinstein, Benjamin I. P.},
	year = {2017}
}

@article{kenthapadi_privacy_2012,
	title = {Privacy via the {J}ohnson-{L}indenstrauss Transform},
	journal = {{arXiv}:1204.2606 [cs]},
	author = {Kenthapadi, Krishnaram and Korolova, Aleksandra and Mironov, Ilya and Mishra, Nina},
	year = {2012},
	eprinttype = {arxiv},
	eprint = {1204.2606}
}

@article{chaudhuri_differentially_2011,
	title = {Differentially Private Empirical Risk Minimization},
	volume = {12},
	issue = {Mar},
	journal = {JMLR},
	author = {Chaudhuri, Kamalika and Monteleoni, Claire and Sarwate, Anand D.},
	year = {2011}
}

@inproceedings{blum_learning_2008,
	title = {A Learning Theory Approach to Non-interactive Database Privacy},
	booktitle = {40th {ACM} Symposium on Theory of Computing},
	author = {Blum, Avrim and Ligett, Katrina and Roth, Aaron},
	year = {2008}
}

@inproceedings{zhou_differential_2009,
	title = {Differential Privacy with Compression},
	booktitle = {{IEEE} International Conference on Symposium on Information Theory (ISIT)},
	author = {Zhou, Shuheng and Ligett, Katrina and Wasserman, Larry},
	year = {2009}
}

@article{nozari_differentially_2015,
	title = {Differentially {Private} {Distributed} {Convex} {Optimization} via {Functional} {Perturbation}},
	url = {http://arxiv.org/abs/1512.00369},
	urldate = {2017-05-11},
	journal = {arXiv:1512.00369 [math]},
	author = {Nozari, Erfan and Tallapragada, Pavankumar and Cort√©s, Jorge},
	month = dec,
	year = {2015},
	note = {arXiv: 1512.00369},
	keywords = {Mathematics - Dynamical Systems, Mathematics - Optimization and Control}
}

@article{rubinstein_svm_2012,
  Author = {Rubinstein, Benjamin I. P. and Bartlett, Peter L. and Huang, Ling and Taft, Nina},
  Title = {Learning in a large function space: Privacy-preserving mechanisms for {SVM} learning},
  Journal = {The Journal of Privacy and Confidentiality},
  Volume = {4},
  Number = {1},
  Year = {2012}
}

@inproceedings{jain_differentially_2013,
	title = {Differentially {Private} {Learning} with {Kernels}},
	booktitle = {ICML},
	author = {Jain, Prateek and Thakurta, Abhradeep},
	year = {2013}
}

@incollection{sriperumbudur_optimal_2015,
	title = {Optimal rates for random {Fourier} features},
	booktitle = {NIPS},
	author = {Sriperumbudur, Bharath and Szabo, Zoltan},
	year = {2015}
}

@article{tolstikhin2017minimax,
  title={Minimax estimation of kernel mean embeddings},
  author={Tolstikhin, Ilya and Sriperumbudur, Bharath K and Muandet, Krikamol},
  journal={JMLR},
  volume={18},
  year={2017}
}
